@inproceedings{cleancut,
  title={Termination checking and task decomposition for task-based intermittent programs},
  author={Colin, Alexei and Lucia, Brandon},
  booktitle={Proceedings of the 27th International Conference on Compiler Construction},
  pages={116--127},
  year={2018},
  organization={ACM}
}

@inproceedings{intermittentAndAwesome,
  title={New Directions: The Future of Sensing is Batteryless, Intermittent, and Awesome},
  author={Hester, Josiah David and Sorber, Jacob},
  booktitle={15th ACM Conference on Embedded Networked Sensor Systems (SenSysâ€™ 17)},
  year={2017}
}


@inproceedings{ekho,
  title={Ekho: realistic and repeatable experimentation for tiny energy-harvesting sensors},
  author={Hester, Josiah and Scott, Timothy and Sorber, Jacob},
  booktitle={Proceedings of the 12th ACM Conference on Embedded Network Sensor Systems},
  pages={330--331},
  year={2014},
  organization={ACM}
}

@inproceedings{mayfly,
  title={Timely Execution on Intermittently Powered Batteryless Sensors},
  author={Hester, Josiah and Storer, Kevin and Sorber, Jacob},
  booktitle={Proceedings of the 15th ACM Conference on Embedded Network Sensor Systems},
  pages={17},
  year={2017},
  organization={ACM}
}

@inproceedings{eon,
  title={Eon: a language and runtime system for perpetual systems},
  author={Sorber, Jacob and Kostadinov, Alexander and Garber, Matthew and Brennan, Matthew and Corner, Mark D and Berger, Emery D},
  booktitle={Proceedings of the 5th international conference on Embedded networked sensor systems},
  pages={161--174},
  year={2007},
  organization={ACM}
}

@inproceedings{flicker,
  title={Flicker: Rapid Prototyping for the Batteryless Internet-of-Things},
  author={Hester, Josiah and Sorber, Jacob},
  booktitle={Proceedings of the 15th ACM Conference on Embedded Network Sensor Systems},
  pages={19},
  year={2017},
  organization={ACM}
}

@inproceedings{ufop,
  title={Tragedy of the coulombs: Federating energy storage for tiny, intermittently-powered sensors},
  author={Hester, Josiah and Sitanayah, Lanny and Sorber, Jacob},
  booktitle={Proceedings of the 13th ACM Conference on Embedded Networked Sensor Systems},
  pages={5--16},
  year={2015},
  organization={ACM}
}

@inproceedings{tardis,
  title={TARDIS: Time and remanence decay in SRAM to implement secure protocols on embedded devices without clocks},
  author={Rahmati, Amir and Salajegheh, Mastooreh and Holcomb, Dan and Sorber, Jacob and Burleson, Wayne P and Fu, Kevin},
  booktitle={Proceedings of the 21st USENIX conference on Security symposium},
  pages={36--36},
  year={2012},
  organization={USENIX Association}
}

@article{custard,
  title={Persistent clocks for batteryless sensing devices},
  author={Hester, Josiah and Tobias, Nicole and Rahmati, Amir and Sitanayah, Lanny and Holcomb, Daniel and Fu, Kevin and Burleson, Wayne P and Sorber, Jacob},
  journal={ACM Transactions on Embedded Computing Systems (TECS)},
  volume={15},
  number={4},
  pages={77},
  year={2016},
  publisher={ACM}
}

@article{mementos,
  title={Mementos: System support for long-running computation on RFID-scale devices},
  author={Ransford, Benjamin and Sorber, Jacob and Fu, Kevin},
  journal={Acm Sigplan Notices},
  volume={47},
  number={4},
  pages={159--170},
  year={2012},
  publisher={ACM}
}

@article{chain,
  title={Chain: tasks and channels for reliable intermittent programs},
  author={Colin, Alexei and Lucia, Brandon},
  journal={ACM SIGPLAN Notices},
  volume={51},
  number={10},
  pages={514--530},
  year={2016},
  publisher={ACM}
}

@article{alpaca,
  title={Alpaca: Intermittent execution without checkpoints},
  author={Maeng, Kiwan and Colin, Alexei and Lucia, Brandon},
  journal={Proceedings of the ACM on Programming Languages},
  volume={1},
  number={OOPSLA},
  pages={96},
  year={2017},
  publisher={ACM}
}

@inproceedings{ratchet,
  title={Intermittent Computation without Hardware Support or Programmer Intervention.},
  author={Van Der Woude, Joel and Hicks, Matthew},
  booktitle={OSDI},
  pages={17--32},
  year={2016}
}

@article{DINO,
  title={A simpler, safer programming and execution model for intermittent systems},
  author={Lucia, Brandon and Ransford, Benjamin},
  journal={ACM SIGPLAN Notices},
  volume={50},
  number={6},
  pages={575--585},
  year={2015},
  publisher={ACM}
}

@inproceedings{harvos,
  title={HarvOS: Efficient code instrumentation for transiently-powered embedded sensing},
  author={Bhatti, Naveed Anwar and Mottola, Luca},
  booktitle={Information Processing in Sensor Networks (IPSN), 2017 16th ACM/IEEE International Conference on},
  pages={209--220},
  year={2017},
  organization={IEEE}
}

@article{nesc,
  title={The nesC language: A holistic approach to networked embedded systems},
  author={Gay, David and Levis, Philip and Von Behren, Robert and Welsh, Matt and Brewer, Eric and Culler, David},
  journal={Acm Sigplan Notices},
  volume={49},
  number={4},
  pages={41--51},
  year={2014},
  publisher={ACM}
}

@article{wisp,
  title={Design of an RFID-based battery-free programmable sensing platform},
  author={Sample, Alanson P and Yeager, Daniel J and Powledge, Pauline S and Mamishev, Alexander V and Smith, Joshua R and others},
  journal={IEEE transactions on instrumentation and measurement},
  volume={57},
  number={11},
  pages={2608},
  year={2008}
}

@inproceedings{dewdrop,
  title={Dewdrop: an energy-aware runtime for computational RFID},
  author={Buettner, Michael and Greenstein, Ben and Wetherall, David},
  booktitle={Proc. USENIX NSDI},
  pages={197--210},
  year={2011}
}

@book{antlr,
  title={The definitive ANTLR 4 reference},
  author={Parr, Terence},
  year={2013},
  publisher={Pragmatic Bookshelf}
}
